% Encoding: UTF-8

@Article{wu2011tighter,
  author    = {Wu, Lei},
  title     = {A tighter piecewise linear approximation of quadratic cost curves for unit commitment problems},
  journal   = {IEEE Transactions on Power Systems},
  year      = {2011},
  volume    = {26},
  number    = {4},
  pages     = {2581--2583},
  publisher = {IEEE},
}

@Article{carrion2006,
  author    = {Carri{\'o}n, Miguel and Arroyo, Jos{\'e} M},
  title     = {A computationally efficient mixed-integer linear formulation for the thermal unit commitment problem},
  journal   = {IEEE Transactions on Power systems},
  year      = {2006},
  volume    = {21},
  number    = {3},
  pages     = {1371--1378},
  publisher = {IEEE},
}

@Article{zhao2013operation,
  author    = {Zhao, Bo and Zhang, Xuesong and Chen, Jian and Wang, Caisheng and Guo, Li},
  title     = {Operation optimization of standalone microgrids considering lifetime characteristics of battery energy storage system},
  journal   = {IEEE Transactions on Sustainable Energy},
  year      = {2013},
  volume    = {4},
  number    = {4},
  pages     = {934--943},
  publisher = {IEEE},
}

@Article{jenkins2008lifetime,
  author    = {Jenkins, DP and Fletcher, J and Kane, David},
  title     = {Lifetime prediction and sizing of lead--acid batteries for microgeneration storage applications},
  journal   = {IET Renewable Power Generation},
  year      = {2008},
  volume    = {2},
  number    = {3},
  pages     = {191--200},
  publisher = {IET},
}

@Misc{nameplate,
  author       = {{Saurorja = Solar Energy}},
  title        = {Lead Acid is the cheapest battery: Conditions Apply},
  howpublished = {\url{https://saurorja.org/2011/08/30/lead-acid-is-the-cheapest-battery-conditions-apply/}},
  month        = aug,
  year         = {2011},
}

@Misc{nameplate2,
  author       = {PowerTech systems},
  title        = {Lithium-ion vs Lead-Acid cost analysis},
  howpublished = {\url{https://www.powertechsystems.eu/home/tech-corner/lithium-ion-vs-lead-acid-cost-analysis/}},
  month        = aug,
  year         = {2015},
}

@Unpublished{singh,
  author = {Singh, Bismark and Watson, Jean-Paul},
  title  = {Approximating Two-Stage Chance-Constrained Programs with Classical Probability Bounds},
  note   = {working paper},
}

@Comment{jabref-meta: databaseType:bibtex;}
